@book{Android,
  author    = {Филлипс Б., Стюарт К., Марсикано К.},
  title     = {Android. Программирование для профессионалов: Пер. с англ.},
  address   = {Санкт-Петербург},
  publisher = {Питер},
  year      = 2017,
  numpages  = 688,
  language  = {russian}
}

@book{Cpp,
  author    = {Б. Страуструп},
  title     = {Язык программирования C++},
  address   = {Москва},
  publisher = {Бином},
  year      = 2010,
  language  = {russian}
}

@book{Amas,
  author   = {Масленников А.Л.},
  title    = {Лекции по предмету "Методы вычислений"},
  address  = {Москва},
  year     = 2020,
  language = {russian}
}

@book{Sergienko,
  author    = {Сергиенко А.Б.},
  title     = {Цифровая обработка сигналов: уч. пособие},
  address   = {Санкт-Петербург},
  publisher = {БХВ-Петербург},
  year      = 2011,
  language  = {russian}
}

@article{Art1,
  author   = {А.А.Бобцов, А.С.Боргуль, К.А.Зименко},
  title    = {Алгоритм управления автономным колесным мобильным роботом},
  journal  = {Научно-технический вестник Санкт-Петербургского государственного
  университета информационных технологий, мехатроники и оптики},
  year     = 2011,
  number   = 5,
  pages    = {63-68},
  language = {russian}
}

@misc{web:Matlab,
  title = {Matlab Help},
  note  = {url{https://www.mathworks.com/help/matlab/}}
}